

@inproceedings{Abadi_2016, series={CCS’16},
   title={Deep Learning with Differential Privacy},
   url={http://dx.doi.org/10.1145/2976749.2978318},
   DOI={10.1145/2976749.2978318},
   booktitle={Proceedings of the 2016 ACM SIGSAC Conference on Computer and Communications Security},
   publisher={ACM},
   author={Abadi, Martin and Chu, Andy and Goodfellow, Ian and McMahan, H. Brendan and Mironov, Ilya and Talwar, Kunal and Zhang, Li},
   year={2016},
   month=oct, collection={CCS’16} }